1509 2984
478 159 1067 225 cxvllem.
1310 179 1391 242 45·

178 260 787 342 w'rionum'devinxit,
824 280 881 326 et
908 263 1205 345 largitione
1236 264 1393 326 rede-

89 372 168 433 -33
193 355 300 415 mit
320 353 556 413 militum
584 353 932 414 voluntates,
986 354 1187 414 kabius
1217 351 1393 413 finiti·

194 460 406 503 marum
433 441 722 502 civitatum
753 443 997 516 animos,
1026 439 1227 500 litteris
1248 461 1395 502 nun·

135 591 142 596 ,
197 527 414 609 ciisque'
425 529 694 588 tentabat.
722 529 784 588 in
798 529 987 588 Sicore
1000 529 1225 587 flumine
1247 548 1393 608 pon-

199 631 284 676 tes
295 613 543 676 effecerat
563 614 734 688 duos,-
752 615 897 674 inter
926 613 979 674 se
992 613 1255 674 distantes
1270 615 1399 676 mil-

194 703 272 765 lia
287 702 530 786 passuum
555 721 656 761 xva
685 704 773 760 his
790 703 1055 780 pontibus
1076 701 1399 782 pabulatum

197 793 488 862 mittebat3
523 786 676 867 quod
709 809 795 862 ea,
841 809 985 868 quae
1015 791 1153 848 citra
1189 790 1398 850 flumen

123 935 135 944 ,
197 877 446 953 fuerant,
477 873 846 956 superioribus
877 876 1071 937 diebus
1101 875 1400 959 consump-

199 965 372 1028 serat(
413 969 522 1024 hoc
560 961 704 1024 idem
732 961 865 1038 fere,
914 979 1078 1044 atque
1107 964 1293 1025 eadem
1332 963 1402 1024 de

203 1053 416 1128 caussa,
463 1053 784 1133 Pompeiani
814 1053 1087 1112 exercitus
1126 1051 1290 1112 duces
1320 1051 1405 1112 fa·

202 1141 461 1214 ciebant3
494 1139 799 1218 erchroque
821 1140 969 1197 inter
989 1136 1043 1197 se
1064 1136 1405 1217 equestribus

203 1228 433 1312 proeliis
463 1226 900 1286 contendebant.
946 1227 1055 1285 huc
1072 1244 1243 1304 quum
1262 1246 1406 1305 quo·

205 1313 419 1375 tidiana
447 1311 842 1372 consuetudine
878 1310 1213 1389 congressae,
1240 1314 1423 1392 pabit·-

209 1402 484 1463 latoribus
522 1398 788 1481 praefidio
840 1401 1096 1482 proprio,
1156 1399 1407 1478 legiones

213 1491 488 1552 Fabianae
526 1509 578 1549 ιι
612 1489 819 1548 flumen
851 1485 1203 1561 transiss'ent3
1236 1489 1407 1569 impe·

215 1577 600 1655 dimentaque,
619 1592 678 1636 et
706 1577 893 1636 omnis
917 1576 1197 1656 equitatus
1218 1572 1410 1656 seque·

217 1680 405 1724 retur:
459 1661 642 1724 subito
676 1665 733 1722 vi
772 1679 1097 1738 ventorum,
1142 1679 1199 1722 et
1238 1682 1412 1742 aquae

221 1747 628 1824 magnitudine,
662 1768 809 1829 pons
833 1747 908 1808 est
944 1753 1318 1829 interruptus;
1356 1764 1417 1809 et
1448 1789 1451 1798 -

222 1833 443 1912 reliqua
477 1833 776 1893 multitudo
812 1835 1061 1915 equitum
1098 1833 1414 1896 interclusa.

226 1939 346 2000 quo
361 1920 592 1998 cognito
609 1942 639 1979 a
663 1921 875 1980 Petreio
891 1937 947 1979 et
964 1920 1221 1996 Afranio,
1236 1941 1306 1980 ex
1322 1942 1418 2000 ag-

225 2027 355 2086 gere
385 2021 552 2086 atque
585 2008 826 2068 cratibus
864 2026 1005 2087 quae
1034 2009 1261 2068 flumine
1280 2009 1423 2068 fere·

215 2097 468 2168 banturg,
501 2095 746 2156 celeriter
766 2109 939 2176 ponte
956 2093 1240 2171 Afranius,
1258 2116 1422 2176 quem

225 2181 442 2263 oppido
467 2180 756 2264 castrisque
780 2182 1139 2260 conjunctum
1169 2184 1426 2261 habebat,

225 2271 477 2348 legiones
501 2290 562 2330 ιν
576 2271 992 2350 equitatumque
1007 2290 1230 2330 omnem
1247 2269 1424 2331 tranfi-

222 2358 396 2436 jecit3
435 2355 749 2438 duabusque
792 2358 1047 2416 Fabianis
1073 2360 1321 2418 occurrit
1349 2359 1425 2418 le·

231 2444 519 2522 gionibus·
559 2444 718 2521 cujus
735 2441 979 2503 adventu
1012 2445 1315 2521 nunciat03
1358 2449 1423 2504 L.

233 2529 469 2597 Plancus
492 2533 589 2615 qui
610 2531 925 2612 legionibus
945 2549 1218 2615 praeerat,
1241 2519 1427 2594 neces·
