1509 2984
75 89 155 150 86
327 73 332 78 ’
409 91 539 148 DE
595 91 945 148 BELLO

69 183 338 258 cundum,
379 184 472 256 (ut
499 205 572 246 ex
599 179 710 266 ipsa
734 181 1135 264 fignificatione
1161 185 1261 270 po'-
1318 194 1325 203 '

67 273 178 331 tuit
201 269 496 350 cognosci3
535 286 620 344 ut,
655 273 752 350 qui
776 273 983 354 aliquid
1018 277 1149 334 vieti
1175 279 1259 336 in·

65 357 348 420 commodi
401 355 876 434 exspectaviisent,
930 360 1080 420 ultro
1132 363 1259 423 inde

63 447 366 526 praemium
383 443 644 504 mistionis
667 444 898 506 ferrent.
918 467 1074 521 nam,
1090 467 1260 526 quum
1322 439 1327 513 ἶ

62 531 284 593 deloco
299 548 356 591 et
370 547 619 612 tempore
647 533 771 611 ejus
795 534 871 592 rei
888 533 1259 596 controversia
1322 538 1327 547 '

61 617 394 693 infert-etun
419 635 475 678 et
495 639 632 679 voce
661 635 718 678 et
733 622 993 680 manibus
1022 619 1260 682 univerfi
1324 626 1328 635 “

60 719 134 766 ex
168 704 337 782 vallo,
399 707 494 766 ubi
528 705 917 784 constiterant,
959 705 1259 786 significare
1324 728 1329 786 ;

31 857 33 872 2
57 807 386 874 coeperunt,
405 807 467 851 ut
491 791 667 852 statim
687 794 1130 869 dimittet-tntum
1158 815 1257 855 ne·
1325 819 1331 827 ·

59 896 170 959 que
201 881 357 940 omni
393 877 714 959 interposita
745 879 855 940 fide
892 880 1111 942 firmum
1152 881 1259 944 esse

57 964 277 1046 poss'e‚fi
299 967 357 1024 in
375 963 518 1024 aliud
535 979 751 1045 tempus
764 965 1102 1028 differretur.
1120 988 1258 1049 pau-

57 1053 142 1111 cis
157 1071 328 1132 quum
345 1048 475 1111 esset
493 1053 554 1111 in
577 1068 869 1132 utramque
884 1069 1105 1132 partem
1126 1075 1254 1114 ver·

58 1140 146 1198 bis
173 1136 529 1218 disputatum,
569 1157 656 1202 res
687 1142 796 1197 huc
826 1139 1147 1214 deducitur3
1188 1156 1253 1200 ut

57 1226 123 1301 ii,
139 1227 234 1305 qui
251 1227 490 1284 habeant
501 1225 844 1286 domicilium
860 1240 957 1286 aut
975 1224 1252 1309 poss'essio·
1300 1289 1306 1292 .

57 1330 159 1371 nes
177 1312 236 1372 in
261 1309 549 1392 Hispania,
567 1311 777 1386 statim3
812 1314 1032 1392 reliqui,
1048 1312 1120 1373 ad
1137 1322 1253 1374 Va·

58 1417 181 1459 rum
208 1398 413 1458 flumen
443 1397 813 1459 dimittantur.
860 1419 933 1460 ne
960 1401 1051 1460 cui
1082 1399 1149 1461 de
1172 1402 1251 1462 eis
1332 1390 1339 1485 ᾗ

35 1493 37 1500 '
56 1498 347 1558 noceatur,
370 1503 512 1544 neve
533 1488 658 1564 quis
681 1487 895 1546 invitus
911 1483 1250 1548 sacramento
1328 1496 1339 1518 ⁴

53 1570 234 1632 dicere
254 1586 532 1648 cogatura
549 1570 792 1646 Caesare,
817 1587 1061 1633 cavetur.
1110 1580 1246 1634 Cae·
1272 1587 1331 1634 79

53 1656 139 1718 sar
160 1675 232 1717 ex
257 1676 328 1716 eo
343 1671 616 1737 tempore,
646 1658 779 1716 dum
803 1658 870 1717 ad
891 1660 1097 1718 flumen
1126 1667 1245 1720 Va·

53 1761 176 1804 rum
211 1745 488 1818 veniatur,
524 1742 576 1804 se
615 1744 951 1806 frumentum
988 1745 1245 1808 daturum

52 1830 366 1912 pollicetur.
398 1829 554 1890 addit
567 1832 734 1891 etiam
750 1847 835 1908 ut,
851 1832 990 1914 quid
1012 1831 1244 1916 quisque

49 1935 242 1978 eorum
257 1919 316 1976 in
339 1915 488 1978 belio
509 1915 767 1992 amiserit,
784 1939 925 2000 quae
945 1916 1053 1980 fint
1066 1939 1241 2000 penes

47 2002 422 2085 militeslsuos,
449 2004 545 2079 iia,
566 2006 662 2084 qui
679 2005 980 2086 amiserint,
997 2003 1241 2066 restitua-

47 2107 170 2152 tur:
193 2091 482 2164 militibus,
499 2091 674 2170 aequa
688 2090 831 2151 faeta
844 2088 1239 2165 aestimatione,

33 2177 334 2259 pecuniam
351 2193 454 2256 pro
479 2175 546 2236 iia
581 2179 742 2238 rebus
766 2173 1031 2237 dissolvit.
1074 2176 1237 2260 quas·

32 2259 264 2342 ⁵}cunque
287 2261 468 2346 postea
483 2262 885 2325 controverfiaa
901 2265 1049 2324 inter
1062 2263 1117 2325 se
1130 2266 1239 2327 mi-

43 2349 170 2410 lites
193 2351 523 2423 habuerunt,
540 2345 636 2408 sua
647 2345 844 2432 sponte
866 2349 933 2411 ad
950 2350 1237 2414 Caesarem

41 2435 224 2515 injus
249 2434 526 2498 adierunt.
548 2440 792 2500 Petreius
822 2452 991 2522 atque
1007 2438 1235 2528 Afrani-7
1338 2458 1347 2504 :

1476 173 1478 226 i

1474 1123 1481 1158 ⁴
