1509 2984
177 65 246 119 72
507 54 639 109 DE
693 57 1041 115 BELLO

162 147 186 182 ‘
207 147 558 222 facultatem3
601 153 756 229 quod
778 170 925 214 certe
948 156 1079 216 inde
1099 153 1366 220 deceden-

160 232 185 264 ‘
211 233 346 294 dum
362 233 491 294 effet
513 235 773 314 Afranio,
800 262 903 302 nec
926 241 1039 302 fine
1062 265 1207 325 aqua
1235 267 1365 324 per·

158 318 180 352 ‘
207 341 434 380 manere
457 319 678 398 poffet.’
772 327 969 388 Caesar
982 331 1042 388 in
1069 351 1186 392 eam
1210 331 1361 412 spem
1384 351 1455 411 64

159 423 413 482 venerat,
443 405 516 482 se,
555 406 668 468 fine
690 431 878 490 pugna
906 431 963 474 et
985 414 1097 475 fine
1130 419 1367 482 vulnere

155 492 404 567 suorum,
427 516 543 556 rem
583 497 857 560 conficere
886 500 1069 580 poss'e3
1114 505 1266 582 quod
1303 529 1365 568 re

153 581 516 644 frumentaria
568 583 911 648 adversarios
959 589 1361 666 interclusisset,

155 689 281 742 cur,
312 672 478 730 etiam
503 668 742 732 secundo
766 675 1003 753 proelio,
1034 677 1251 756 aliquos
1282 701 1363 742 ex

155 754 264 814 suis
295 758 610 816 amitteret?
647 779 747 820 cur
778 763 1066 822 vulnerari
1076 780 1361 844 pateretur

153 843 369 919 optime
392 844 618 902 meritos
641 843 710 903 de
734 844 786 905 se
810 848 1050 908 milites?
1079 871 1177 910 cur
1197 850 1362 913 deni·

149 948 262 1006 que
275 927 558 988 fortunam
583 931 1021 1009 periclitaretur?
1040 936 1359 1012 praesertim

149 1033 324 1092 quum
341 1035 458 1074 non
476 1017 664 1074 minus
680 1015 809 1078 effet
824 1021 1197 1099 imperatoriS,
1213 1044 1359 1096 congr

147 1097 270 1161 filio
293 1099 560 1182 superare,
585 1105 752 1181 quim
774 1105 981 1182 gladio·
1022 1113 1358 1174 movebatur

148 1191 312 1248 etiam
335 1186 700 1248 misericordi&
724 1192 955 1267 civium,
984 1214 1130 1273 quos
1170 1199 1352 1258 inter-

147 1275 418 1336 ficiendos
459 1273 713 1338 videbatz
755 1281 957 1358 quibus
996 1279 1159 1344 salvis
1183 1301 1353 1365 atque

151 1362 525 1422 incolumibus
550 1383 662 1422 rem
687 1367 942 1424 obtinere
956 1369 1217 1430 malebat.
1236 1375 1351 1432 hoc

147 1447 434 1509 confilium
461 1446 723 1522 Caesaris»,
747 1471 784 1514 a⁷
795 1451 1061 1527 plerisque
1076 1474 1194 1512 non
1215 1477 1347 1531 pro-

147 1535 399 1596 babatur.
432 1532 635 1590 milites
658 1553 796 1592 vero
818 1533 995 1612 palam
1018 1537 1165 1594 inter
1186 1536 1239 1595 se
1253 1539 1343 1598 lo·

143 1620 456 1702 quebantur
474 1640 493 1690 3
514 1617 534 1648 ‘
551 1619 818 1695 quoniam
835 1617 959 1676 talis
981 1617 1191 1679 occafio
1223 1623 1341 1682 vic-

147 1709 166 1743 ‘
196 1707 371 1766 toriae
393 1704 795 1778 dimitteretur3
830 1706 999 1764 etiam
1032 1726 1203 1786 quum
1224 1707 1341 1767 vel·

143 1795 164 1829 ⁴
190 1793 266 1853 let
293 1789 509 1865 caesar,
537 1789 639 1851 sese
665 1813 785 1852 non
814 1790 919 1853 effe
952 1797 1345 1876 pugnaturos?

146 1881 238 1943 ille
260 1880 320 1938 in
342 1876 432 1936 susi
449 1875 717 1941 sententizi
743 1881 1081 1960 perseverat3
1112 1897 1168 1941 et
1190 1883 1346 1964 paul·

143 1970 258 2029 lum
285 1987 358 2024 ex
379 1987 448 2026 eo
471 1966 599 2027 loco
623 1967 946 2044 digreditur,
994 1984 1056 2026 ut
1086 1971 1345 2030 timorem

141 2050 463 2114 adversariis
504 2054 739 2112 minuat.
788 2055 1029 2112 Petreius
1065 2071 1229 2132 atque
1267 2062 1344 2114 A·

143 2141 378 2214 sranius,
412 2139 596 2197 oblata
625 2138 907 2210 facultate,
946 2137 1197 2198 in-castra
1234 2136 1345 2198 sese

144 2227 409 2288 referunt.
453 2222 669 2298 Caesar,
715 2222 989 2301 praefidiis
1029 2225 1089 2281 in
1131 2223 1344 2291 monti-

142 2317 244 2376 bus
285 2309 580 2392 dispositis,
612 2312 770 2370 omni
810 2310 878 2369 ad
914 2309 1129 2380 Iberum
1167 2310 1343 2368 inter-

139 2399 294 2462 cluso
317 2399 536 2476 itinere,
567 2417 731 2478 quam
745 2398 1013 2478 proxime
1022 2393 1199 2479 potest
1217 2393 1342 2467 bos·
