1509 2984
147 131 230 211 428
477 134 611 193 DE
663 131 1016 194 BELLo

147 250 234 294 tra
270 230 476 294 hostem
503 232 807 298 constituit.
841 234 1110 296 Afranius
1142 231 1345 295 Petrei·

147 319 343 401 usque,
377 323 620 396 terrendi
643 321 823 383 cauffa
846 338 1013 402 atque
1034 322 1217 403 operis
1239 321 1347 380 im·

145 408 426 488 pediendi,
449 411 640 489 copias
667 408 791 470 suas
815 410 885 470 ad
900 409 1117 485 infimas}
1132 407 1345 468 montis

147 495 360 558 radices
377 497 696 576 producunt
712 519 731 571 3
758 512 813 557 et
828 496 1045 579 proelio
1058 493 1343 558 laoeffuntt

148 602 332 663 neque
361 583 570 644 idcirco
597 583 799 645 Caesar
828 604 973 665 opus
1000 583 1344 657 intermittit,

147 668 386 730 confisus
403 670 666 749 praefidio
690 672 975 751 legionum
1016 691 1109 733 ιιι
1142 683 1199 728 et
1219 689 1344 730 mu-

149 758 368 818 nitione
391 757 576 818 foss‘ae.
616 759 696 818 illi
724 780 849 820 non
868 759 963 820 diu
990 757 1344 831 commorati,

144 864 253 906 nec
295 844 522 924 longius
546 847 615 904 ab
651 843 847 906 infimo
878 845 1023 907 colle
1050 843 1337 926 progreffi3

145 933 340 1011 copias
385 934 444 990 in
491 931 661 992 castra
693 933 985 994 reducunt.
1042 935 1209 993 tertio
1251 929 1344 990 die

140 1016 348 1078 ‘Caesar
373 1018 523 1079 vallo
539 1017 708 1080 castra
723 1021 1069 1080 communit:
1103 1019 1343 1098 reliquas

114 1160 123 1178 ,
145 1107 409 1168 cohortes.
431 1126 566 1184 quas
591 1108 649 1165 in
667 1104 1038 1188 superioribus
1054 1105 1239 1168 castris
1256 1126 1343 1165 re·

115 1256 120 1266 ⁸
141 1193 404 1274 liquerat,
445 1193 970 1274 impedimentaque,
994 1194 1065 1254 ad
1090 1191 1142 1254 le
1162 1189 1341 1253 trans-

143 1279 457 1360 ducijubet.
505 1285 642 1342 Erat
654 1282 803 1341 inter
817 1282 1081 1363 oppidum
1107 1279 1341 1341 Ilerdam
1365 1292 1420 1343 ⁴¹

141 1383 200 1428 et
221 1369 536 1448 proximum
552 1368 773 1443 collem,
798 1371 891 1430 ubi
906 1367 1077 1429 castra
1092 1365 1339 1428 Petreius

115 1519 120 1526 ‚
144 1469 312 1534 atque
341 1453 604 1514 Afranius
626 1457 920 1531 habebant,
946 1455 1211 1535 planicies
1228 1456 1339 1515 cir·

115 1603 120 1611 ,
147 1543 286 1602 citer
310 1539 554 1622 passuum
582 1560 702 1601 ccc
727 1563 744 1600 τ
776 1556 941 1621 atque
970 1545 1031 1602 in
1070 1545 1179 1602 hoc
1220 1541 1337 1602 fere

143 1627 330 1690 medio
363 1626 560 1709 spatio,
585 1626 831 1687 tumulus
858 1641 979 1688 erat
999 1627 1188 1706 paullo
1221 1626 1339 1688 edi·

142 1717 257 1776 tior
276 1736 293 1775 z
313 1735 480 1794 quem
496 1713 534 1773 fi
557 1711 865 1794 occupall'et
880 1711 1099 1789 Caesar,
1111 1727 1169 1773 et
1183 1734 1341 1775 com-

148 1801 444 1876 muniss'et3
482 1801 552 1862 ab
583 1801 795 1882 oppido
826 1817 883 1861 et
904 1815 1081 1883 ponte
1100 1816 1159 1861 et
1182 1821 1341 1862 com-

147 1903 330 1950 meatu
359 1890 542 1966 omni,
566 1908 732 1968 quem
766 1890 825 1948 in
849 1889 1115 1970 oppidum
1139 1904 1342 1950 contu·

141 1973 348 2051 lerant,
409 1972 466 2035 se
521 1973 944 2036 interclusurum
998 1973 1339 2035 adversarios

141 2061 478 2123 confidebat.
523 2065 634 2124 hoc
661 2061 909 2144 sperans,
941 2061 1187 2141 legiones
1214 2079 1239 2120 1
1260 2078 1284 2120 1
1303 2078 1331 2121 1

139 2167 224 2210 ex
245 2147 430 2210 castris
451 2148 664 2209 educit:
707 2151 931 2230 acieque
958 2152 1021 2209 in
1048 2148 1187 2208 locis
1218 2145 1340 2208 ido-

147 2236 270 2298 neis
299 2235 577 2309 instructa,
595 2238 761 2295 unius
777 2237 1013 2314 legionis
1030 2233 1341 2312 antefigna-

144 2343 254 2384 nos
305 2343 673 2404 praecurrere,
713 2339 881 2402 atque
917 2341 1185 2403 occupare
1210 2341 1343 2382 eum

149 2408 421 2489 tumulum
437 2410 619 2488 jubet.
660 2428 771 2489 qua
786 2428 845 2468 re
864 2410 1123 2487 cognita;
1146 2406 1339 2467 celeri·
1406 2469 1414 2476 ,

119 2511 433 2581 «εει-,ἧκε
469 2498 534 2588 in
560 2495 801 2564 statione
823 2515 931 2578 pro
958 2493 1147 2559 castris
1177 2506 1343 2556 erant
