1509 2984
421 125 1233 206 SUPPLEMENJPUM..
1362 141 1397 196 ς

203 219 362 288 miter
385 225 634 304 excepit3
675 239 730 282 et
748 226 955 300 gratias
976 243 1078 302 pro
1098 221 1317 279 summis
1344 241 1401 278 e-

197 308 293 392 ju}
319 312 378 370 in
419 309 469 369 se
491 309 767 370 beneficiis
792 312 922 387 egit.
974 327 1029 368 at
1056 310 1250 380 Curin,
1270 310 1401 386 quia

199 400 318 475 jam
339 388 458 456 non
483 395 707 458 obscure
730 399 815 455 vis
840 400 897 454 in
926 395 1217 464 Caesarem,
1241 389 1402 474 para5

211 499 381 558 retur,
419 483 576 544 suafit
625 487 674 542 ei
727 500 791 542 ut
834 504 1059 542 omnem
1096 485 1401 542 exercitum

210 591 375 648 quam
424 573 744 630 maturrime
782 572 1157 642 contraheret,
1204 584 1259 626 et
1296 589 1401 645 op·-

208 653 440 754 ptessam
477 677 781 736 paucorum
815 656 1039 715 audacia
1084 653 1403 734 Rempubli·

212 763 330 800 cam
344 743 676 802 vindicaret.
691 739 909 815 Caesar,
934 743 1188 823 quamvis
1205 763 1264 799 ea
1282 761 1405 799 om·

211 817 306 886 ixia
337 829 414 886 ita
438 827 538 888 ess'e
563 829 706 888 haud
745 830 1057 904 ignorabat,
1086 825 1293 888 censuit
1318 844 1406 886 ta·

209 934 336 986 men
357 917 520 996 Reip.
555 917 823 996 imprimis
847 915 1149 974 habendam
1188 911 1291 972 effe
1318 935 1404 990 rar

209 1003 417 1062 tionem
440 1026 458 1074 3
485 1023 554 1062 ne
571 1005 696 1080 quis
727 1023 1007 1061 armorum
1030 999 1255 1062 cauffam
1282 1022 1406 1068 eum

207 1085 312 1146 effe
336 1088 631 1166 judicaret.
676 1091 864 1166 itaque
888 1110 983 1170 per
1000 1091 1205 1148 amicos
1232 1088 1285 1147 id
1318 1087 1406 1147 so·

207 1172 320 1258 lum
347 1176 658 1248 contendit,
683 1191 744 1234 ut
770 1175 909 1236 duae
924 1173 1018 1234 fibi
1045 1176 1316 1252 legioneS,
1349 1190 1405 1236 et

209 1263 499 1338 provincia
523 1261 701 1322 ,Gallia
727 1260 1027 1340 Cisalpina,
1059 1279 1225 1341 atque
1272 1261 1407 1338 Illy·

209 1347 384 1405 ticum
407 1348 827 1427 relinqueretur.
854 1361 994 1427 quae
1010 1351 1197 1406 omnia
1224 1349 1291 1406 ab
1307 1345 1407 1408 illo

208 1437 348 1507 aeia,
377 1450 460 1508 ut,
485 1433 520 1492 fi
544 1435 689 1498 forte
713 1435 1102 1494 conditionum
1131 1437 1404 1513 aequitate

207 1518 402 1579 adduci
415 1519 630 1602 poss'ent
640 1521 930 1581 adversarii
936 1524 1013 1595 ,in
1027 1523 1147 1580 otio
1160 1520 1278 1580 Res
1268 1524 1405 1601 pub·

205 1604 310 1666 lica
332 1606 496 1668 foret.
533 1611 618 1667 his
637 1607 920 1688 postulatis
944 1629 1013 1666 ne
1039 1607 1149 1686 ipse
1183 1609 1404 1687 quidem

206 1696 502 1773 Pompeius
532 1695 787 1772 refragari
820 1693 978 1753 ausus
1018 1695 1110 1754 est.
1153 1693 1239 1754 sed
1278 1715 1404 1754 cum

207 1780 350 1838 nihil
393 1783 424 1838 ξι
451 1787 586 1842 Cos
603 1803 657 1841 s.
690 1785 1011 1860 impetraret
1036 1780 1227 1840 Caesar
1250 1807 1267 1852 ;
1308 1782 1404 1840 lit·

209 1879 354 1924 teras
380 1865 446 1924 ad
464 1866 706 1926 senatum
731 1866 1035 1946 perscribit,
1059 1870 1257 1946 quibus
1280 1870 1403 1926 bre·

179 1953 352 2012 ‘viter
376 1951 534 2029 gestis
561 1952 668 2013 suis
697 1969 752 2012 et
782 1955 992 2012 meritis
1022 1957 1079 2012 in
1108 1953 1401 2032 Rempubl.

205 2037 493 2118 percursis„
515 2043 709 2100 orabat
733 2062 805 2098 ne
820 2039 1006 2121 populi
1034 2038 1127 2098 fibi
1152 2040 1407 2099 benefici-

204 2143 300 2182 um
317 2127 602 2205 eripiatur,
641 2129 736 2206 qui
761 2126 996 2186 absentis
1016 2128 1287 2185 rationem
1306 2130 1403 2186 ha-

205 2211 320 2270 beri
348 2215 620 2291 proximis
639 2215 879 2273 comitiis
897 2211 1139 2290 juffiss'et.
1178 2233 1298 2272 non
1318 2234 1404 2272 re·

201 2296 391 2356 cusare
413 2297 488 2374 se,
507 2297 544 2358 fi
569 2302 645 2358 ita
662 2299 869 2358 senatui
890 2299 1212 2377 populoque
1231 2306 1398 2360 Rom.

202 2383 480 2460 videatur,
523 2388 831 2446 exercitum
876 2385 1175 2460 dimittere,
1228 2385 1401 2445 modo

204 2465 395 2533 idem&
426 2474 694 2554 Pompeio
716 2471 847 2530 fiat:
886 2471 985 2531 illo
1029 2473 1317 2550 imperium
1348 2485 1405 2529 et
